@inproceedings{Karaboga2005ANIB,
  title={AN IDEA BASED ON HONEY BEE SWARM FOR NUMERICAL OPTIMIZATION},
  author={Dervis Karaboga},
  year={2005}
}
@ARTICLE{585892,  author={Dorigo, M. and Gambardella, L.M.},  journal={IEEE Transactions on Evolutionary Computation},   title={Ant colony system: a cooperative learning approach to the traveling salesman problem},   year={1997},  volume={1},  number={1},  pages={53-66},  doi={10.1109/4235.585892}}

@misc{wikipedia_2022, title={Ant colony optimization algorithms}, url={https://en.wikipedia.org/wiki/Ant_colony_optimization_algorithms}, journal={Wikipedia}, publisher={Wikimedia Foundation}, year={2022}} 

@misc{yu_2014, title={Traveling Salesman Problems}, url={https://optimization.mccormick.northwestern.edu/index.php/Traveling_salesman_problems}, journal={Traveling salesman problems}, publisher={Cornell University}, author={Yu, Jessica}, year={2014}} 

@misc{nasa_2006, title={Imagine the universe!}, url={https://imagine.gsfc.nasa.gov/science/featured_science/tenyear/age.html}, journal={NASA}, publisher={NASA}, year={2006}} 

@misc{lague_2021, title={Coding adventure: Ant and slime simulations}, url={https://www.youtube.com/watch?v=X-iSQQgOd1A}, journal={YouTube}, publisher={YouTube}, author={Lague, Sebastian}, year={2021}, month={Mar}} 